% Encoding: UTF-8

@Article{taro,
  author  = {Tokodai,Taro},
  title   = {How to Write a Good Thesis},
  journal = {Journal of XYZ},
  year    = {2015},
  volume  = {3},
  number  = {5},
  pages   = {15--34},
}

@Article{hanako,
	author	= {Tokodai,Hanako},
	title	= {"How to write a good paper"},
	journal = {Journal of ABC},
	year	= {1996},
	volume	= {12},
	number	= {4},
	pages	= {123--144},
}

@Comment{jabref-meta: databaseType:bibtex;}
